@phdthesis{gilles:daniel,
   AUTHOR= "Gilles, Daniel",
   TITLE= "Asynchronous Simulations of a Limit Order Book",
   SCHOOL= "University of Manchester",
   YEAR = 2006
}
